@article{awasthi2022distributionally,
  title   = {Distributionally Robust Data Join},
  author  = {Awasthi, Pranjal and Jung, Christopher and Morgenstern, Jamie},
  journal = {arXiv preprint arXiv:2202.05797},
  year    = {2022}
}

@article{taori2020measuring,
  title   = {Measuring robustness to natural distribution shifts in image classification},
  author  = {Taori, Rohan and Dave, Achal and Shankar, Vaishaal and Carlini, Nicholas and Recht, Benjamin and Schmidt, Ludwig},
  journal = {Advances in Neural Information Processing Systems},
  volume  = {33},
  pages   = {18583--18599},
  year    = {2020}
}

@article{hendrycks2019robustness,
  title   = {Benchmarking Neural Network Robustness to Common Corruptions and Perturbations},
  author  = {Hendrycks, Dan and Dietterich, Thomas},
  journal = {Proceedings of the International Conference on Learning Representations},
  year    = {2019}
}

@article{yao2022wild,
  title={Wild-time: A benchmark of in-the-wild distribution shift over time},
  author={Yao, Huaxiu and Choi, Caroline and Cao, Bochuan and Lee, Yoonho and Koh, Pang Wei W and Finn, Chelsea},
  journal={Advances in Neural Information Processing Systems},
  volume={35},
  pages={10309--10324},
  year={2022}
}

@article{malinin2021shifts,
  title={Shifts: A dataset of real distributional shift across multiple large-scale tasks},
  author={Malinin, Andrey and Band, Neil and Chesnokov, German and Gal, Yarin and Gales, Mark JF and Noskov, Alexey and Ploskonosov, Andrey and Prokhorenkova, Liudmila and Provilkov, Ivan and Raina, Vatsal and others},
  journal={arXiv preprint arXiv:2107.07455},
  year={2021}
}

@article{rahimian2019distributionally,
  title={Distributionally robust optimization: A review},
  author={Rahimian, Hamed and Mehrotra, Sanjay},
  journal={arXiv preprint arXiv:1908.05659},
  year={2019}
}

@article{Erdogan2006AmbiguousCC,
  title={Ambiguous chance constrained problems and robust optimization},
  author={Emre Erdogan and Garud Iyengar},
  journal={Mathematical Programming},
  year={2006},
  volume={107},
  pages={37-61},
  url={https://api.semanticscholar.org/CorpusID:17811244}
}

@article{esfahani2015data,
  title={Data-driven distributionally robust optimization using the Wasserstein metric: Performance guarantees and tractable reformulations},
  author={Esfahani, Peyman Mohajerin and Kuhn, Daniel},
  journal={arXiv preprint arXiv:1505.05116},
  year={2015}
}

@article{sagawa2019distributionally,
  title={Distributionally robust neural networks for group shifts: On the importance of regularization for worst-case generalization},
  author={Sagawa, Shiori and Koh, Pang Wei and Hashimoto, Tatsunori B and Liang, Percy},
  journal={arXiv preprint arXiv:1911.08731},
  year={2019}
}

@article{frogner2019incorporating,
  title={Incorporating unlabeled data into distributionally robust learning},
  author={Frogner, Charlie and Claici, Sebastian and Chien, Edward and Solomon, Justin},
  journal={arXiv preprint arXiv:1912.07729},
  year={2019}
}

@inproceedings{he2022masked,
  title={Masked autoencoders are scalable vision learners},
  author={He, Kaiming and Chen, Xinlei and Xie, Saining and Li, Yanghao and Doll{\'a}r, Piotr and Girshick, Ross},
  booktitle={Proceedings of the IEEE/CVF conference on computer vision and pattern recognition},
  pages={16000--16009},
  year={2022}
}

@inproceedings{Staib2017DistributionallyRD,
  title={Distributionally Robust Deep Learning as a Generalization of Adversarial Training},
  author={Matthew Staib},
  year={2017},
  url={https://api.semanticscholar.org/CorpusID:52063282}
}

@article{carmon2019unlabeled,
  title={Unlabeled data improves adversarial robustness},
  author={Carmon, Yair and Raghunathan, Aditi and Schmidt, Ludwig and Duchi, John C and Liang, Percy S},
  journal={Advances in neural information processing systems},
  volume={32},
  year={2019}
}

@inproceedings{mcauley2012image,
  title={Image labeling on a network: using social-network metadata for image classification},
  author={McAuley, Julian and Leskovec, Jure},
  booktitle={Computer Vision--ECCV 2012: 12th European Conference on Computer Vision, Florence, Italy, October 7-13, 2012, Proceedings, Part IV 12},
  pages={828--841},
  year={2012},
  organization={Springer}
}